@online{solaris,
	key		= {opensolaris},
	title	= {OpenSolaris},
	url		= {http://opensolaris.org},
	urldate	= {2010-06-21},
}

@online{bootchart,
	key		= {bootchart},
	title	= {Bootchart},
	url		= {http://www.bootchart.org},
	urldate	= {2010-06-15},
}

@online{bonnie,
	key		= {bonnie++},
	title	= {Bonnie++},
	url		= {http://www.coker.com.au/bonnie++},
	urldate	= {2010-06-07},
}

@standard{acs2,
	editor	= {Curtis E. Stevens},
	author	= {{American National Standard for Information Technology}},
	title	= {{Information technology - ATA/ATAPI Command Set - 2 (ACS-2)}},
  	pubstate= {Working Draft Project},
  	number	= {T13/2015-D Revision 2},
	year	= {2009},
	month	= aug
}

@article{cache1,
	author	= {Laszlo A. Belady},
	title	= {A Study of Replacement Algorithms for a Virtual-Storage Computer},
	journal	= {IBM Systems Journal}, 
	year	= {1966}, 
	volume	= {5}, 
	number	= {2}, 
	pages	= {78--101}, 
	doi		= {10.1147/sj.52.0078}, 
	issn	= {0018-8670},
	address = {Riverton, NJ, USA},
	publisher = {IBM Corporation},
}

@article{cache2, 
	author	= {Donghee Lee and Jongmoo Choi and Jong-Hun Kim and S. H. Noh and Sang Lyul Min and Yookun Cho and Chong Sang Kim},
	title	= {LRFU: A Spectrum of Policies that Subsumes the Least Recently Used and Least Frequently Used Policies},  
	journal	= {IEEE Transactions on Computers}, 
	year	= {2001}, 
	month	= dec,
	volume	= {50}, 
	number	= {12}, 
	pages	= {1352--1361}, 
	doi		= {10.1109/TC.2001.970573}, 
	ISSN	= {0018-9340}, 
}

@techreport{uuid,
	author	= {Paul J. Leach and Michael Mealling and Rich Salz},
	title	= {A Universally Unique IDentifier (UUID) URN Namespace},
	howpublished = {Internet Requests for Comments},
	type	= {RFC},
	number	= {4122},
	year	= {2005},
	month	= jul,
	issn	= {2070-1721},
	institution = {RFC Editor},
	url 		= {http://www.rfc-editor.org/rfc/rfc4122.txt},
	urldate	= {2010-06-03}
}

@online{boot-patch,
	author	= {Will Drewry},
	title	= {init: Boot to Device-Mapper Targets Without an initr*},
	year 	= {2010},
	month	= may,
	url		= {http://permalink.gmane.org/gmane.linux.kernel/988034},
	urldate	= {2010-06-03},
}

@online{initramfs,
	author	= {Rob Landley},
	title	= {ramfs, rootfs and initramfs},
	year 	= {2005},
	month	= oct,
	url		= {http://git.kernel.org/?p=linux/kernel/git/torvalds/linux-2.6.git;a=blob;hb=HEAD;f=Documentation/filesystems/ramfs-rootfs-initramfs.txt},
	urldate	= {2010-06-03},
}

@online{cb,
	author	= {Norman Dittmar},
	title	= {Test: SuperTalent Teradrive FT SSD},
	year 	= {2010},
	month	= may,
	url		= {http://www.computerbase.de/artikel/laufwerke/2010/test_supertalent_teradrive_ft_ssd/},
	urldate	= {2010-06-10},
}
	
@online{linux:trim,
	author	= {Jonathan Corbet},
	title	= {Block Layer Discard Requests},
	year 	= {2008},
	month	= aug,
	url		= {http://lwn.net/Articles/293658/},
	urldate	= {2010-06-10},
}

@online{notifiers,
	author	= {Jonathan Corbet},
	title	= {Notifiers, 2.6.17 Style},
	year 	= {2006},
	month	= may,
	url		= {http://lwn.net/Articles/185500/},
	urldate	= {2010-06-15},
}

@online{debugfs,
	author	= {Jonathan Corbet},
	title	= {Debugfs},
	year 	= {2004},
	month	= dec,
	url		= {http://lwn.net/Articles/115405/},
	urldate	= {2010-05-25},
}

@online{src:linux,
	key		= {Linux-Kernel Sourcecode},
	title	= {Linux-Kernel Sourcecode Version 2.6.34},
	url		= {http://www.kernel.org/pub/linux/kernel/v2.6/linux-2.6.34.tar.bz2},
	urldate	= {2010-05-25},
}

@online{src:dm-cache,
	key		= {dm-cache Sourcecode},
	title	= {dm-cache Sourcecode},
	url		= {https://github.com/mingzhao/dm-cache/},
	urldate	= {2010-05-25},
}

@inproceedings{griffin,
	author	= {Gokul Soundararajan and Vijayan Prabhakaran and Mahesh Balakrishnan and Ted Wobber},
	title	= {Extending SSD Lifetimes with Disk-based Write Caches},
	booktitle = {Proceedings of the 8th USENIX Conference on File and Storage Technologies},
	series	= {FAST'10},
	year	= {2010},
	location= {San Jose, California},
	publisher= {USENIX Association},
	address	= {Berkeley, CA, USA},
}

@online{anand1,
	author	= {Anand Lal Shimpi},
	title	= {The SSD Anthology: Understanding SSDs and New Drives from OCZ},
	year 	= {2009},
	month	= mar,
	url		= {http://www.anandtech.com/show/2738},
	urldate	= {2010-05-25},
}

@online{anand2,
	author	= {Anand Lal Shimpi},
	title	= {The SSD Relapse: Understanding and Choosing the Best SSD},
	year 	= {2009},
	month	= aug,
	url		= {http://www.anandtech.com/show/2829},
	urldate	= {2010-05-25},
}

@online{wd:raptor,
	author	= {{Western Digital}},
	title	= {Specifications for the 74 GB Serial ATA Raptor drive (model WD740ADFD)},
	url		= {http://wdc.custhelp.com/cgi-bin/wdc.cfg/php/enduser/std_adp.php?p_faqid=1441&p_created=&p_cats=185&p_cv=1.185&p_pv=2.281&p_prods=227%2C281},
	urldate	= {2010-06-22},
}

@manual{intel:ssd,
	author	= {Intel},
	title	= {Intel X25-E SATA Solid State Drive},
	year	= {2009},
	month	= may,
	url		= {http://download.intel.com/design/flash/nand/extreme/319984.pdf},
	urldate	= {2010-06-22},
}

@online{ocz:ssd,
	author	= {{OCZ}},
	title	= {OCZ Vertex Series SATA II 2.5\dq SSD OCZ Technology},
	url		= {http://www.ocztechnology.com/products/solid_state_drives/ocz_vertex_series_sata_ii_2_5-ssd},
	urldate	= {2010-06-22},
}

@online{samsung1,
	author	= {{Samsung}},
	title	= {Spinpoint M7},
	url		= {http://www.samsung.com/global/system/business/hdd/prdmodel/2009/1/13/163182m7_sheet_0.5.pdf},
	urldate	= {2010-05-25},
}

@online{seagate1,
	author	= {{Seagate}},
	title	= {Cheetah 15K.7},
	url		= {http://www.seagate.com/docs/pdf/datasheet/disc/ds_cheetah_15k_7.pdf},
	urldate	= {2010-05-25},
}

@report{wdc,
	author	= {{Western Digital}},
	title	= {Advanced Format Technology},
	institution	= {{Western Digital}},
	type	= {White Paper},
	year	= {2010},
	month	= apr,
	url		= {http://products.wdc.com/library/WhitePapers/ENG/2579-771430.pdf},
	urldate	= {2010-05-25},
}

@book{tanenbaum1,
	author	= {Andrew S. Tanenbaum},
	title	= {Computerarchitektur},
	subtitle= {Strukturen, Konzepte, Grundlagen},
	edition	= {5},
	publisher = {Pearson Studium},
	year	= {2006},
	isbn	= {978-3-8273-7151-5},
}

@book{stallings:os,
	author	= {William Stallings},
	title	= {Operating Systems},
	subtitle= {Internals and Design Principles},
	edition	= {6},
	year	= {2009},
	isbn	= {978-0-13-600632-9},
	publisher = {Prentice Hall Press},
}

@book{info2,
	author	= {Wolfram Schiffmann},
	title	= {Technische Informatik 2},
	subtitle= {Grundlagen der Computertechnik},
	edition = {5},
	publisher = {Springer-Verlag},
	series	= {Springer-Lehrbuch},
	year	= {2005},
	isbn	= {978-3-540-22271-2},
}

@book{intro1,
	author	= {Paul Herrmann},
	title	= {Rechnerarchitektur},
	subtitle= {Aufbau, Organisation und Implementierung, inklusive 64-Bit-Technologie und Parallelrechner},
	edition = {3},
	publisher= {Vieweg+Teubner Verlag},
	year	= {2002},
	isbn	= {978-3-528255985},
}

@article{intel:turbo,
	author	= {Jeanna Matthews and Sanjeev Trika and Debra Hensgen and Rick Coulson and Knut Grimsrud},
	title	= {Intel Turbo Memory: Nonvolatile Disk Caches in the Storage Hierarchy of Mainstream Computer Systems},
	journal = {ACM Transactions on Storage},
	volume	= {4},
	number	= {2},
	month	= may,
	year	= {2008},
	issn	= {1553-3077},
	pages	= {4:1--4:24},
	articleno = {4},
	numpages = {24},
	doi		= {10.1145/1367829.1367830},
	acmid	= {1367830},
	publisher = {ACM},
	address = {New York, NY, USA}
}

@patent{patent:20070233947,
	author	= {Richard Coulson and Sanjeev Trika and Jeanna Matthews and Robert Faber},
	title	= {Maintaining Write Ordering in a System},
	number	= {US20070233947 A1},
	year	= {2007},
	month	= oct,
	note	= {Eingereicht 30. M\"arz 2006}
}

@patent{patent:20060090031,
	author	= {Alexander Kirshenbaum and Cenk Ergan and Michael R. Fortin and Robert L. Reinauer},
	title	= {Using External Memory Devices to Improve System Performance},
	number	= {US20060090031 A1},
	year	= {2006},
	month	= apr,
	holer	= {Microsoft Corporation},
	note	= {Eingereicht 21. Oktober 2004}
}

@techreport{dm-cache,
	author	= {Eric van Hensbergen and Ming Zhao},
	title	= {Dynamic Policy Disk Caching for Storage Networking},
	institution = {{IBM Research}},
	year	= {2006},
	month	= nov,
	number	= {RC24123},
}

@article{zfs1,
	author	= {{System News Inc.}},
	title	= {Sun ZFS Plus Intel SSDs Equal Hybrid Storage Pools},
	Journal = {System News},
	volume	= {142},
	number	= {5},
	year	= {2009},
	month	= dec,
	url		= {http://sun.systemnews.com/articles/142/5/Solaris/22462},
	urldate	= {2010-05-25},
}

@online{zfs2,
	author	= {Gregg Brendan},
	title	= {Hybrid Storage Pool: Top Speeds},
	year 	= {2009},
	month	= oct,
	url		= {http://blogs.sun.com/brendan/entry/hybrid_storage_pool_top_speeds},
	urldate	= {2010-05-15},
}

@online{web-dm,
	key		= {Device-Mapper},
	title	= {Device-Mapper Resource Page},
	url		= {ttp://sources.redhat.com/dm/},
	urldate	= {2010-05-09},
}
